<?xml version="1.0" encoding="UTF-8"?><collection xmlns="http://www.loc.gov/MARC21/slim"><record><leader>00470nam--2200145-i-4500</leader><controlfield tag="001">000013738</controlfield><controlfield tag="002">20161230</controlfield><controlfield tag="005">20161230201030</controlfield><controlfield tag="008">060222s1000------------r-----000-0-eng-d</controlfield><datafield ind1=" " ind2=" " tag="080"><subfield code="a">539.124.6.134:539.125.4(047.3)</subfield></datafield><datafield ind1=" " ind2=" " tag="100"><subfield code="a">Adeva, B., Duran, I</subfield></datafield><datafield ind1=" " ind2=" " tag="245"><subfield code="a">Estudio de las aniquilaciones pp en seis cuerpos a 750 mev/c de momento del haz y canales con produccion asociada de kk</subfield></datafield><datafield ind1=" " ind2=" " tag="260"><subfield code="a">Madrid, Junta De Energia Nuclear, 1980 95 P</subfield></datafield><datafield ind1=" " ind2=" " tag="490"><subfield code="a">464</subfield></datafield><datafield ind1=" " ind2=" " tag="852"><subfield code="a">13754</subfield></datafield></record></collection>